<?xml version="1.0" encoding="UTF-8"?><record xmlns="http://www.loc.gov/MARC21/slim" xmlns:cinclude="http://apache.org/cocoon/include/1.0" xmlns:zs="http://www.loc.gov/zing/srw/">
  <leader>00511nz  a2200133n  4500</leader>
  <controlfield tag="001">no2001048214</controlfield>
  <controlfield tag="003">DLC</controlfield>
  <controlfield tag="005">20010620071038.0</controlfield>
  <controlfield tag="008">010619n| acannaabn          |n ana      </controlfield>
  <datafield tag="010" ind1=" " ind2=" ">
    <subfield code="a">no2001048214</subfield>
  </datafield>
  <datafield tag="035" ind1=" " ind2=" ">
    <subfield code="a">(OCoLC)oca05514155</subfield>
  </datafield>
  <datafield tag="040" ind1=" " ind2=" ">
    <subfield code="a">DLC-S</subfield>
    <subfield code="b">eng</subfield>
    <subfield code="c">DLC-S</subfield>
  </datafield>
  <datafield tag="110" ind1="2" ind2=" ">
    <subfield code="a">Federal College of Education (Technical), Akoka, Lagos.</subfield>
    <subfield code="b">School of Technical Education</subfield>
  </datafield>
  <datafield tag="670" ind1=" " ind2=" ">
    <subfield code="a">Technology education review, Vol. 1, no. 1 (1997):</subfield>
    <subfield code="b">t.p. (School of Technical Education, Federal College of Education (Technical), Akoka, Lagos)</subfield>
  </datafield>
</record>